@article{BDRU2003,
    author  = {A. Borbély and J. Dragomir-Cernatescu and G. Ribárik and T. Ungár},
    title = {Computer program ANIZC for the calculation of diffraction contrast factors of dislocations in elastically anisotropic cubic, hexagonal and trigonal crystals},
    journal = {Journal of Applied Crystallography},
    year = {2003},
    issn = {0021-8898},
}

@article{GG1969,
    author  = {I. Gaal and T. Geszti},
    title = {Internal stresses and dislocation distribution},
    journal = {Scripta Metallurgica},
    year = {1969},
    issn = {0036-9748},
}

@article{GUW1988,
    author  = {I. Groma and T. Ungár and M. Wilkens},
    title = {Asymmetric X-ray line broadening of plastically deformed crystals. I. Theory},
    journal = {Journal of Applied Crystallography},
    year = {1988},
    issn = {0021-8898},
}

@book{HB2011,
  author = {D. Hull and D. J. Bacon},
  title = {Introduction to dislocations},
  publisher = {Elsevier},
  year = {2011},
  isbn = {978-0-08-096672-4},
}

@article{KD2001,
    author  = {J.-D. Kamminga and R. Delhez},
    title = {Calculation of diffraction line profiles for structures with dislocations},
    journal = {Materials Science Forum},
    year = {2001},
    issn = {1662-9752},
}

@article{RUG2001,
    author  = {G. Ribárik and T. Ungár and J. Gubicza},
    title = {MWP-fit: a program for multiple whole-profile fitting of diffraction peak profiles by ab initio theoretical functions},
    journal = {Journal of Applied Crystallography},
    year = {2001},
    issn = {0021-8898},
}

@book{IPSS2008,
  author = {J. Illian and A. Penttinen and H. Stoyan and D. Stoyan},
  title = {Statistical analysis and modelling of spatial point patterns},
  publisher = {Wiley},
  year = {2008},
  isbn = {978-0-470-01491-2},
}

@book{W1970,
  author = {M. Wilkens},
  editor = {J. A. Simmons and R. de Wit and R. Bullough},
  volume = {2},
  pages = {1195-1221},
  title = {Fundamental aspects of dislocation theory},
  publisher = {U.S. National Bureau of Standards},
  year = {1970},
}

@article{W1979,
    author  = {M. Wilkens},
    title = {X-ray diffraction Line broadening of crystals containing cmall-angle boundaries},
    journal = {Journal of Applied Crystallography},
    year = {1979},
    issn = {0021-8898},
}

@book{W1990,
  author = {B. E. Warren},
  title = {X-Ray diffraction},
  publisher = {Dover Publications},
  year = {1990},
  isbn={978-0-48-666317-3},
}

@article{SGL2001,
    author  = {F. Székely and I. Groma and J. Lendvai},
    title = {Changes in the dislocation density fluctuations during plastic deformation},
    journal = {Scripta Materialia},
    year = {2001},
    issn = {1359-6462},
}

@book{N1967,
  author = {F. R. N. Nabarro},
  title = {Theory of crystal dislocations},
  publisher = {Oxford Clarendon Press},
  year = {1967},
}

@article{ES1951,
    author  = {J. D. Eshelby and A. N. Stroh},
    title = {Dislocations in thin plates},
    journal = {Philosophical Magazine Series 7},
    year = {1951},
    issn = {1401-1405},
}

@article{BCT2012,
    author  = {L. Balogh and L. Capolungo and C. N. Tomé},
    title = {On the measure of dislocation densities from diffraction line profiles: A comparison with discrete dislocation methods},
    journal = {Acta Materialia},
    year = {2012},
    issn = {1467-1477},
}
